@article{kurscheidt2016open,
  title={Open Source Applikation f{\"u}r die Extraktion der Atemfrequenz aus dreidimensionalen Brustbewegungsdatens{\"a}tzen f{\"u}r telemedizinische Anwendungen},
  author={Kurscheidt, Maximilian},
  year={2016}
}
